<collection xmlns="http://www.loc.gov/MARC21/slim">
<record>
  <leader>01370nam0a2200265 i 450 </leader>
  <controlfield tag="001">IT\ICCU\CNCE\051498</controlfield>
  <controlfield tag="005">20131015000000.0</controlfield>
  <datafield tag="012" ind1=" " ind2=" ">
    <subfield code="a">niti a.o, i.o, ChEl (3) 1598 (R)</subfield>
    <subfield code="2">fei</subfield>
  </datafield>
  <datafield tag="100" ind1=" " ind2=" ">
    <subfield code="a">20010130d1598        0itac0103    ba</subfield>
  </datafield>
  <datafield tag="101" ind1=" " ind2=" ">
    <subfield code="a">ITA</subfield>
  </datafield>
  <datafield tag="102" ind1=" " ind2=" ">
    <subfield code="a">IT</subfield>
  </datafield>
  <datafield tag="200" ind1="1" ind2=" ">
    <subfield code="a">Rime del signor Gio. Stefano Montemerlo gentilhuomo di Tortona. Nouamente date in luce per il sig. Nicol ̣Montemerlo suo figliuolo. Con breuissima espositione de i soggietti loro situati nel fine con ordine d&apos;alfabetto</subfield>
  </datafield>
  <datafield tag="210" ind1=" " ind2=" ">
    <subfield code="a">In Tortona</subfield>
    <subfield code="c">\Bartolomeo Bolla!</subfield>
    <subfield code="d">1598</subfield>
    <subfield code="e">In Tortona</subfield>
    <subfield code="g">per Bartolomeo Bolla</subfield>
    <subfield code="h">1598</subfield>
  </datafield>
  <datafield tag="215" ind1=" " ind2=" ">
    <subfield code="a">\8!, 100, \20! p.</subfield>
    <subfield code="d">4ʻ</subfield>
  </datafield>
  <datafield tag="620" ind1=" " ind2=" ">
    <subfield code="a">IT</subfield>
    <subfield code="d">Tortona</subfield>
  </datafield>
  <datafield tag="700" ind1=" " ind2="1">
    <subfield code="a">Montemerlo,</subfield>
    <subfield code="b">Giovanni Stefano</subfield>
    <subfield code="3">IT\ICCU\CNCA\009167</subfield>
  </datafield>
  <datafield tag="702" ind1=" " ind2="1">
    <subfield code="a">Montemerlo,</subfield>
    <subfield code="b"></subfield>
    <subfield code="3">IT\ICCU\CNCA\018058</subfield>
  </datafield>
  <datafield tag="712" ind1="0" ind2="0">
    <subfield code="a">Bolla, Bartolomeo</subfield>
    <subfield code="3">IT\ICCU\CNCT\001720</subfield>
    <subfield code="4">650</subfield>
  </datafield>
  <datafield tag="790" ind1=" " ind2="0">
    <subfield code="a">Giovanni Stefano</subfield>
    <subfield code="c"> : da#Montemerlo</subfield>
    <subfield code="3">IT\ICCU\CNCA\014679</subfield>
    <subfield code="z">Montemerlo, Giovanni Stefano</subfield>
  </datafield>
  <datafield tag="790" ind1=" " ind2="1">
    <subfield code="a">Montemerlo,</subfield>
    <subfield code="b">Nicola</subfield>
    <subfield code="3">IT\ICCU\CNCA\021432</subfield>
    <subfield code="z"></subfield>
  </datafield>
  <datafield tag="791" ind1="0" ind2="0">
    <subfield code="a">Bulla, Bartholomaeus</subfield>
    <subfield code="3">IT\ICCU\CNCT\003639</subfield>
    <subfield code="z">Bolla, Bartolomeo</subfield>
  </datafield>
  <datafield tag="801" ind1=" " ind2="3">
    <subfield code="a">IT</subfield>
    <subfield code="b">ICCU</subfield>
    <subfield code="c">20201115</subfield>
  </datafield>
  <datafield tag="899" ind1=" " ind2=" ">
    <subfield code="a">Biblioteca Angelica. Roma</subfield>
    <subfield code="1">RM0290</subfield>
    <subfield code="2">RML 06</subfield>
  </datafield>
  <datafield tag="911" ind1=" " ind2=" ">
    <subfield code="a">Sul front.</subfield>
    <subfield code="9">IT\ICCU\CNCM\002594</subfield>
  </datafield>
  <datafield tag="921" ind1=" " ind2=" ">
    <subfield code="a">IT\ICCU\CNCM\002594</subfield>
    <subfield code="b">Fortuna (donna con vela al vento). Sopra stemma in cornice figurata.</subfield>
    <subfield code="e">Te sequor</subfield>
    <subfield code="c">U1109</subfield>
    <subfield code="f">FORTUNA</subfield>
    <subfield code="f">STEMMA</subfield>
    <subfield code="f">TESEQUOR</subfield>
    <subfield code="g">1598-1599</subfield>
  </datafield>
</record>
</collection>
